<record><leader>00000cas a22000007a 4500</leader><controlfield tag="001">10999684</controlfield><controlfield tag="008">840728d18751888ohuwr ne      0    0eng d</controlfield><datafield ind1=" " ind2=" " tag="010"><subfield code="a">sn 84028319 </subfield></datafield><datafield ind1=" " ind2=" " tag="040"><subfield code="a">NPY</subfield><subfield code="b">eng</subfield><subfield code="c">NPY</subfield><subfield code="d">ONP</subfield><subfield code="d">OCLCQ</subfield></datafield><datafield ind1=" " ind2=" " tag="042"><subfield code="a">msc</subfield></datafield><datafield ind1="0" ind2=" " tag="130"><subfield code="a">South Cleveland advocate (South Cleveland, Ohio)</subfield></datafield><datafield ind1="1" ind2="0" tag="245"><subfield code="a">South Cleveland advocate.</subfield></datafield><datafield ind1=" " ind2=" " tag="260"><subfield code="a">South Cleveland, Ohio :</subfield><subfield code="b">Harry H. Nelson</subfield></datafield><datafield ind1=" " ind2=" " tag="300"><subfield code="a">v.</subfield></datafield><datafield ind1=" " ind2=" " tag="310"><subfield code="a">Weekly</subfield></datafield><datafield ind1="1" ind2=" " tag="362"><subfield code="a">Began in 1875; ceased in Apr. 1888?</subfield></datafield><datafield ind1=" " ind2=" " tag="500"><subfield code="a">Published on Saturday.</subfield></datafield><datafield ind1=" " ind2=" " tag="500"><subfield code="a">"A weekly review of choice literature and general news."</subfield></datafield><datafield ind1=" " ind2=" " tag="500"><subfield code="a">Republican.</subfield></datafield><datafield ind1=" " ind2=" " tag="588"><subfield code="a">Description based on: Vol. 7, no. 23 (Sept. 23, 1876).</subfield></datafield><datafield ind1=" " ind2="4" tag="651"><subfield code="a">Cleveland (Ohio)</subfield><subfield code="v">Newspapers.</subfield></datafield><datafield ind1=" " ind2="4" tag="651"><subfield code="a">South Cleveland (Cleveland, Ohio)</subfield><subfield code="v">Newspapers.</subfield></datafield><datafield ind1=" " ind2="4" tag="651"><subfield code="a">Newburgh (Cleveland, Ohio)</subfield><subfield code="v">Newspapers.</subfield></datafield><datafield ind1=" " ind2="4" tag="651"><subfield code="a">Cuyahoga County (Ohio)</subfield><subfield code="v">Newspapers.</subfield></datafield><datafield ind1=" " ind2=" " tag="752"><subfield code="a">United States</subfield><subfield code="b">Ohio</subfield><subfield code="c">Cuyahoga</subfield><subfield code="d">South Cleveland.</subfield></datafield><datafield ind1="0" ind2="0" tag="780"><subfield code="t">All around the clock</subfield><subfield code="w">(DLC)sn 84028447</subfield></datafield><datafield ind1="0" ind2="0" tag="785"><subfield code="t">Cleveland advocate (Newburgh, Ohio)</subfield><subfield code="w">(DLC)sn 84028320</subfield></datafield><datafield ind1="1" ind2=" " tag="029"><subfield code="a">AU@</subfield><subfield code="b">000020527987</subfield></datafield></record>